@misc{studypool,
  title = {Studypool Homework Help - References for inventory management},
  url = {https://studypool.com/documents/1895619/references-for-inventory-management},
  urldate = {2024-10-03},
  year = {2024}
}

@techreport{aziz2011,
  author = {Aziz, N. F. b. A.},
  title = {A Case Study on Implementation of Just-In-Time (JIT) Production System for Better Production Performances in Malaysia Automotive Industry},
  year = {2011},
  institution = {Unknown}
}

@misc{zoho,
  title = {Inventory management software | Zoho Inventory},
  url = {https://www.zoho.com/in/inventory/free-inventory-management-software/},
  urldate = {2024-10-03},
  year = {2024}
}

@book{jacobs2013,
  author = {Jacobs, R. and Chase, R.},
  title = {Operations and Supply Chain Management},
  edition = {14},
  publisher = {McGraw-Hill Higher Education},
  year = {2013}
}

@misc{grafiati2022,
  author = {Grafiati},
  title = {Academic literature on the topic "Inventory management"},
  url = {https://www.grafiati.com/en/literature-selections/inventory-management/},
  year = {2022},
  month = {May},
  urldate = {2024-10-03}
}

@incollection{rasku2006,
  author = {Rasku, H. and Rantala, J. and Koivisto, H.},
  title = {MODEL REFERENCE CONTROL IN INVENTORY AND SUPPLY CHAIN MANAGEMENT The implementation of a more suitable cost function},
  booktitle = {Kluwer Academic Publishers eBooks},
  pages = {111--116},
  year = {2006},
  doi = {10.1007/1-4020-4543-3_13}
}